<?xml version="1.0" encoding="UTF-8"?>
<record xmlns="http://www.loc.gov/MARC21/slim" xmlns:xsi="http://www.w3.org/2001/XMLSchema-instance" xsi:schemaLocation="http://www.loc.gov/MARC21/slim http://www.loc.gov/standards/marcxml/schema/MARC21slim.xsd">
<leader>     nam a2200241 a 4500</leader>
<controlfield tag="001">001682462</controlfield>
<controlfield tag="003">NNU</controlfield>
<controlfield tag="005">19981114004100.0</controlfield>
<controlfield tag="008">940901s1950    le a     b    000 0carard</controlfield>
<datafield tag="035" ind1="9" ind2=" ">
<subfield code="a">NYUb12225877</subfield>
</datafield>
<datafield tag="035" ind1=" " ind2=" ">
<subfield code="a">(ICU)hz3440468</subfield>
</datafield>
<datafield tag="035" ind1=" " ind2=" ">
<subfield code="a">(CStRLIN)ILCGHZ3440468-B</subfield>
</datafield>
<datafield tag="040" ind1=" " ind2=" ">
<subfield code="a">CLE</subfield>
<subfield code="c">CLE</subfield>
<subfield code="d">CGU</subfield>
<subfield code="d">CStRLIN</subfield>
</datafield>
<datafield tag="100" ind1="1" ind2=" ">
<subfield code="a">Bustānī, Karam.</subfield>
</datafield>
<datafield tag="245" ind1="1" ind2="0">
<subfield code="a">Amīrāt Lubnān /</subfield>
<subfield code="c">Karam al-Bustānī.</subfield>
</datafield>
<datafield tag="260" ind1=" " ind2=" ">
<subfield code="a">Bayrūt :</subfield>
<subfield code="b">Dār Ṣādr,</subfield>
<subfield code="c">[1950].</subfield>
</datafield>
<datafield tag="300" ind1=" " ind2=" ">
<subfield code="a">167 p. :</subfield>
<subfield code="b">ill. ;</subfield>
<subfield code="c">20 cm.</subfield>
</datafield>
<datafield tag="504" ind1=" " ind2=" ">
<subfield code="a">Bibliographical footnotes.</subfield>
</datafield>
<datafield tag="650" ind1=" " ind2="0">
<subfield code="a">Princesses</subfield>
<subfield code="z">Lebanon.</subfield>
</datafield>
<datafield tag="650" ind1=" " ind2="0">
<subfield code="a">Queens</subfield>
<subfield code="z">Lebanon.</subfield>
</datafield>
<datafield tag="651" ind1=" " ind2="0">
<subfield code="a">Lebanon</subfield>
<subfield code="x">Kings and rulers.</subfield>
</datafield>
<datafield tag="OWN" ind1=" " ind2=" ">
<subfield code="a">GENERAL</subfield>
</datafield>
<datafield tag="950" ind1=" " ind2=" ">
<subfield code="l">BMAIN</subfield>
<subfield code="a">DS80.75</subfield>
<subfield code="b">.B87</subfield>
</datafield>
<datafield tag="955" ind1=" " ind2=" ">
<subfield code="l">BMAIN</subfield>
<subfield code="c">1</subfield>
<subfield code="r">028241282</subfield>
</datafield>
<datafield tag="998" ind1=" " ind2=" ">
<subfield code="s">9115</subfield>
</datafield>
<datafield tag="AVA" ind1=" " ind2=" ">
<subfield code="a">NYU50</subfield>
<subfield code="b">BOBST</subfield>
<subfield code="c">Main Collection</subfield>
<subfield code="d">DS80.75 .B87</subfield>
<subfield code="e">unavailable</subfield>
<subfield code="t">Unavailable</subfield>
<subfield code="f">1</subfield>
<subfield code="g">1</subfield>
<subfield code="h">N</subfield>
<subfield code="i">0</subfield>
<subfield code="j">MAIN</subfield>
<subfield code="k">0</subfield>
</datafield>
</record>
